@Article
  {yeast,
   AUTHOR  = "Kernighan, Brian W. and Ritchie, Dennis M.",
   TITLE   = "{The C Programming Language Second Edition}",
   PUBLISHER = "Prentice-Hall, Inc.",
   YEAR = 1988
  }


R. Gentleman, Elizabeth Whalen, W. Huber and S. Falcon (). graph: graph: A package to handle graph data structures. R package version 1.38.3.

Gerlinger et al., Intratumour heterogeneity and branched evolution revealed by multiregion sequencing. NEJM. 2012;366(10):883-892

Lang et al., Pervasive genetic hitchhiking and clonal inference in forty evolving yeast populations, Nature, 2013;500:571-574

Melchior et al., Single cell genetic analysis reveals the composition of initiating clones and phylogenetic patterns of branching and parallel evolution in Myeloma. Leukemia, 2013

Scrucca L, GA: A Package for Genetic Algorithms in R. Journal of Statistical Software. 2013;53(4):1-37.
